@inproceedings{yelamarthi2018zero,
  title={A zero-shot framework for sketch based image retrieval},
  author={Yelamarthi, Sasi Kiran and Reddy, Shiva Krishna and Mishra, Ashish and Mittal, Anurag},
  booktitle={European Conference on Computer Vision},
  pages={316--333},
  year={2018},
  organization={Springer}
}

@inproceedings{deng2009imagenet,
  title={Imagenet: A large-scale hierarchical image database},
  author={Deng, Jia and Dong, Wei and Socher, Richard and Li, Li-Jia and Li, Kai and Fei-Fei, Li},
  booktitle={2009 IEEE conference on computer vision and pattern recognition},
  pages={248--255},
  year={2009},
  organization={IEEE}
}

@article{yu2017sketch,
  title={Sketch-a-net: A deep neural network that beats humans},
  author={Yu, Qian and Yang, Yongxin and Liu, Feng and Song, Yi-Zhe and Xiang, Tao and Hospedales, Timothy M},
  journal={International journal of computer vision},
  volume={122},
  number={3},
  pages={411--425},
  year={2017},
  publisher={Springer}
}

@inproceedings{zeiler2014visualizing,
  title={Visualizing and understanding convolutional networks},
  author={Zeiler, Matthew D and Fergus, Rob},
  booktitle={European conference on computer vision},
  pages={818--833},
  year={2014},
  organization={Springer}
}

@article{wang2019stacked,
  title={Stacked Semantic-Guided Network for Zero-Shot Sketch-Based Image Retrieval},
  author={Wang, Hao and Deng, Cheng and Xu, Xinxu and Liu, Wei and Gao, Xinbo and Tao, Dacheng},
  journal={arXiv preprint arXiv:1904.01971},
  year={2019}
}

@article{kingma2013auto,
  title={Auto-encoding variational bayes},
  author={Kingma, Diederik P and Welling, Max},
  journal={arXiv preprint arXiv:1312.6114},
  year={2013}
}

@article{del1997visual,
  title={Visual image retrieval by elastic matching of user sketches},
  author={Del Bimbo, Alberto and Pala, Pietro},
  journal={IEEE Transactions on Pattern Analysis and Machine Intelligence},
  volume={19},
  number={2},
  pages={121--132},
  year={1997},
  publisher={IEEE}
}

@article{eitz2010sketch,
  title={Sketch-based image retrieval: Benchmark and bag-of-features descriptors},
  author={Eitz, Mathias and Hildebrand, Kristian and Boubekeur, Tamy and Alexa, Marc},
  journal={IEEE transactions on visualization and computer graphics},
  volume={17},
  number={11},
  pages={1624--1636},
  year={2010},
  publisher={IEEE}
}

@article{hu2013performance,
  title={A performance evaluation of gradient field hog descriptor for sketch based image retrieval},
  author={Hu, Rui and Collomosse, John},
  journal={Computer Vision and Image Understanding},
  volume={117},
  number={7},
  pages={790--806},
  year={2013},
  publisher={Elsevier}
}

@inproceedings{saavedra2014sketch,
  title={Sketch based image retrieval using a soft computation of the histogram of edge local orientations (S-HELO)},
  author={Saavedra, Jose M},
  booktitle={2014 IEEE International Conference on Image Processing (ICIP)},
  pages={2998--3002},
  year={2014},
  organization={IEEE}
}

@inproceedings{zhou2012sketch,
  title={Sketch-based image retrieval on a large scale database},
  author={Zhou, Rong and Chen, Liuli and Zhang, Liqing},
  booktitle={Proceedings of the 20th ACM international conference on Multimedia},
  pages={973--976},
  year={2012},
  organization={ACM}
}

@inproceedings{parui2014similarity,
  title={Similarity-invariant sketch-based image retrieval in large databases},
  author={Parui, Sarthak and Mittal, Anurag},
  booktitle={European Conference on Computer Vision},
  pages={398--414},
  year={2014},
  organization={Springer}
}

@inproceedings{saavedra2015sketch,
  title={Sketch based Image Retrieval using Learned KeyShapes (LKS).},
  author={Saavedra, Jose M and Barrios, Juan Manuel and Orand, S},
  booktitle={BMVC},
  volume={1},
  number={2},
  pages={7},
  year={2015}
}

@inproceedings{cao2013sym,
  title={Sym-fish: A symmetry-aware flip invariant sketch histogram shape descriptor},
  author={Cao, Xiaochun and Zhang, Hua and Liu, Si and Guo, Xiaojie and Lin, Liang},
  booktitle={Proceedings of the IEEE International Conference on Computer Vision},
  pages={313--320},
  year={2013}
}

@article{eitz2010evaluation,
  title={An evaluation of descriptors for large-scale image retrieval from sketched feature lines},
  author={Eitz, Mathias and Hildebrand, Kristian and Boubekeur, Tamy and Alexa, Marc},
  journal={Computers \& Graphics},
  volume={34},
  number={5},
  pages={482--498},
  year={2010},
  publisher={Elsevier}
}

@inproceedings{li2016fine,
  title={Fine-grained sketch-based image retrieval: The role of part-aware attributes},
  author={Li, Ke and Pang, Kaiyue and Song, Yi-Zhe and Hospedales, Timothy and Zhang, Honggang and Hu, Yichuan},
  booktitle={2016 IEEE Winter Conference on Applications of Computer Vision (WACV)},
  pages={1--9},
  year={2016},
  organization={IEEE}
}

@inproceedings{james2014reenact,
  title={Reenact: Sketch based choreographic design from archival dance footage},
  author={James, Stuart and Fonseca, Manuel J and Collomosse, John},
  booktitle={Proceedings of International Conference on Multimedia Retrieval},
  pages={313},
  year={2014},
  organization={ACM}
}

@inproceedings{wang2015sketch,
  title={Sketch-based 3d shape retrieval using convolutional neural networks},
  author={Wang, Fang and Kang, Le and Li, Yi},
  booktitle={Proceedings of the IEEE Conference on Computer Vision and Pattern Recognition},
  pages={1875--1883},
  year={2015}
}

@inproceedings{cao2011edgel,
  title={Edgel index for large-scale sketch-based image search},
  author={Cao, Yang and Wang, Changhu and Zhang, Liqing and Zhang, Lei},
  booktitle={CVPR 2011},
  pages={761--768},
  year={2011},
  organization={IEEE}
}

@inproceedings{cao2010mindfinder,
  title={Mindfinder: interactive sketch-based image search on millions of images},
  author={Cao, Yang and Wang, Hai and Wang, Changhu and Li, Zhiwei and Zhang, Liqing and Zhang, Lei},
  booktitle={Proceedings of the 18th ACM international conference on Multimedia},
  pages={1605--1608},
  year={2010},
  organization={ACM}
}

@inproceedings{hu2011bag,
  title={A bag-of-regions approach to sketch-based image retrieval},
  author={Hu, Rui and Wang, Tinghuai and Collomosse, John},
  booktitle={2011 18th IEEE International Conference on Image Processing},
  pages={3661--3664},
  year={2011},
  organization={IEEE}
}

@inproceedings{yu2016sketch,
  title={Sketch me that shoe},
  author={Yu, Qian and Liu, Feng and Song, Yi-Zhe and Xiang, Tao and Hospedales, Timothy M and Loy, Chen-Change},
  booktitle={Proceedings of the IEEE Conference on Computer Vision and Pattern Recognition},
  pages={799--807},
  year={2016}
}

@inproceedings{qi2016sketch,
  title={Sketch-based image retrieval via siamese convolutional neural network},
  author={Qi, Yonggang and Song, Yi-Zhe and Zhang, Honggang and Liu, Jun},
  booktitle={2016 IEEE International Conference on Image Processing (ICIP)},
  pages={2460--2464},
  year={2016},
  organization={IEEE}
}

@article{sangkloy2016sketchy,
  title={The sketchy database: learning to retrieve badly drawn bunnies},
  author={Sangkloy, Patsorn and Burnell, Nathan and Ham, Cusuh and Hays, James},
  journal={ACM Transactions on Graphics (TOG)},
  volume={35},
  number={4},
  pages={119},
  year={2016},
  publisher={ACM}
}

@inproceedings{shen2018zero,
  title={Zero-shot sketch-image hashing},
  author={Shen, Yuming and Liu, Li and Shen, Fumin and Shao, Ling},
  booktitle={Proceedings of the IEEE Conference on Computer Vision and Pattern Recognition},
  pages={3598--3607},
  year={2018}
}

@article{lu2018learning,
  title={Learning Large Euclidean Margin for Sketch-based Image Retrieval},
  author={Lu, Peng and Huang, Gao and Fu, Yanwei and Guo, Guodong and Lin, Hangyu},
  journal={arXiv preprint arXiv:1812.04275},
  year={2018}
}

@article{xu2019semantic,
  title={Semantic Adversarial Network for Zero-Shot Sketch-Based Image Retrieval},
  author={Xu, Xinxun and Wang, Hao and Li, Leida and Deng, Cheng},
  journal={arXiv preprint arXiv:1905.02327},
  year={2019}
}

@inproceedings{dutta2019semantically,
  title={Semantically Tied Paired Cycle Consistency for Zero-Shot Sketch-based Image Retrieval},
  author={Dutta, Anjan and Akata, Zeynep},
  booktitle={Proceedings of the IEEE Conference on Computer Vision and Pattern Recognition},
  pages={5089--5098},
  year={2019}
}

@article{liu2019semantic,
  title={Semantic-Aware Knowledge Preservation for Zero-Shot Sketch-Based Image Retrieval},
  author={Liu, Qing and Xie, Lingxi and Wang, Huiyu and Yuille, Alan},
  journal={arXiv preprint arXiv:1904.03208},
  year={2019}
}

@inproceedings{liu2017deep,
  title={Deep sketch hashing: Fast free-hand sketch-based image retrieval},
  author={Liu, Li and Shen, Fumin and Shen, Yuming and Liu, Xianglong and Shao, Ling},
  booktitle={Proceedings of the IEEE conference on computer vision and pattern recognition},
  pages={2862--2871},
  year={2017}
}

@inproceedings{wang2015sketch,
  title={Sketch-based 3d shape retrieval using convolutional neural networks},
  author={Wang, Fang and Kang, Le and Li, Yi},
  booktitle={Proceedings of the IEEE Conference on Computer Vision and Pattern Recognition},
  pages={1875--1883},
  year={2015}
}

@inproceedings{chopra2005learning,
  title={Learning a similarity metric discriminatively, with application to face verification},
  author={Chopra, Sumit and Hadsell, Raia and LeCun, Yann and others},
  booktitle={CVPR (1)},
  pages={539--546},
  year={2005}
}

@inproceedings{song2017deep,
  title={Deep spatial-semantic attention for fine-grained sketch-based image retrieval},
  author={Song, Jifei and Yu, Qian and Song, Yi-Zhe and Xiang, Tao and Hospedales, Timothy M},
  booktitle={Proceedings of the IEEE International Conference on Computer Vision},
  pages={5551--5560},
  year={2017}
}

@inproceedings{chen2018deep,
  title={Deep cross-modality adaptation via semantics preserving adversarial learning for sketch-based 3d shape retrieval},
  author={Chen, Jiaxin and Fang, Yi},
  booktitle={Proceedings of the European Conference on Computer Vision (ECCV)},
  pages={605--620},
  year={2018}
}

@inproceedings{goodfellow2014generative,
  title={Generative adversarial nets},
  author={Goodfellow, Ian and Pouget-Abadie, Jean and Mirza, Mehdi and Xu, Bing and Warde-Farley, David and Ozair, Sherjil and Courville, Aaron and Bengio, Yoshua},
  booktitle={Advances in neural information processing systems},
  pages={2672--2680},
  year={2014}
}

@inproceedings{chen2016infogan,
  title={Infogan: Interpretable representation learning by information maximizing generative adversarial nets},
  author={Chen, Xi and Duan, Yan and Houthooft, Rein and Schulman, John and Sutskever, Ilya and Abbeel, Pieter},
  booktitle={Advances in neural information processing systems},
  pages={2172--2180},
  year={2016}
}

@inproceedings{liu2018multi,
  title={Multi-task adversarial network for disentangled feature learning},
  author={Liu, Yang and Wang, Zhaowen and Jin, Hailin and Wassell, Ian},
  booktitle={Proceedings of the IEEE Conference on Computer Vision and Pattern Recognition},
  pages={3743--3751},
  year={2018}
}

@article{higgins2017beta,
  title={beta-VAE: Learning Basic Visual Concepts with a Constrained Variational Framework.},
  author={Higgins, Irina and Matthey, Loic and Pal, Arka and Burgess, Christopher and Glorot, Xavier and Botvinick, Matthew and Mohamed, Shakir and Lerchner, Alexander},
  journal={ICLR},
  volume={2},
  number={5},
  pages={6},
  year={2017}
}

@inproceedings{dupont2018learning,
  title={Learning disentangled joint continuous and discrete representations},
  author={Dupont, Emilien},
  booktitle={Advances in Neural Information Processing Systems},
  pages={710--720},
  year={2018}
}

@article{kim2018disentangling,
  title={Disentangling by factorising},
  author={Kim, Hyunjik and Mnih, Andriy},
  journal={arXiv preprint arXiv:1802.05983},
  year={2018}
}

@inproceedings{yang2019tet,
  title={Tet-gan: Text effects transfer via stylization and destylization},
  author={Yang, Shuai and Liu, Jiaying and Wang, Wenjing and Guo, Zongming},
  booktitle={Proceedings of the AAAI Conference on Artificial Intelligence},
  volume={33},
  pages={1238--1245},
  year={2019}
}

@inproceedings{tran2017disentangled,
  title={Disentangled representation learning gan for pose-invariant face recognition},
  author={Tran, Luan and Yin, Xi and Liu, Xiaoming},
  booktitle={Proceedings of the IEEE Conference on Computer Vision and Pattern Recognition},
  pages={1415--1424},
  year={2017}
}

@article{xiang2017linear,
  title={Linear disentangled representation learning for facial actions},
  author={Xiang, Xiang and Tran, Trac D},
  journal={IEEE Transactions on Circuits and Systems for Video Technology},
  volume={28},
  number={12},
  pages={3539--3544},
  year={2017},
  publisher={IEEE}
}

@inproceedings{zheng2019joint,
  title={Joint discriminative and generative learning for person re-identification},
  author={Zheng, Zhedong and Yang, Xiaodong and Yu, Zhiding and Zheng, Liang and Yang, Yi and Kautz, Jan},
  booktitle={Proceedings of the IEEE Conference on Computer Vision and Pattern Recognition},
  pages={2138--2147},
  year={2019}
}

@inproceedings{liu2018unified,
  title={A unified feature disentangler for multi-domain image translation and manipulation},
  author={Liu, Alexander H and Liu, Yen-Cheng and Yeh, Yu-Ying and Wang, Yu-Chiang Frank},
  booktitle={Advances in Neural Information Processing Systems},
  pages={2590--2599},
  year={2018}
}

@inproceedings{liu2018exploring,
  title={Exploring disentangled feature representation beyond face identification},
  author={Liu, Yu and Wei, Fangyin and Shao, Jing and Sheng, Lu and Yan, Junjie and Wang, Xiaogang},
  booktitle={Proceedings of the IEEE Conference on Computer Vision and Pattern Recognition},
  pages={2080--2089},
  year={2018}
}

@inproceedings{shu2017neural,
  title={Neural face editing with intrinsic image disentangling},
  author={Shu, Zhixin and Yumer, Ersin and Hadap, Sunil and Sunkavalli, Kalyan and Shechtman, Eli and Samaras, Dimitris},
  booktitle={Proceedings of the IEEE Conference on Computer Vision and Pattern Recognition},
  pages={5541--5550},
  year={2017}
}

@inproceedings{mathieu2016disentangling,
  title={Disentangling factors of variation in deep representation using adversarial training},
  author={Mathieu, Michael F and Zhao, Junbo Jake and Zhao, Junbo and Ramesh, Aditya and Sprechmann, Pablo and LeCun, Yann},
  booktitle={Advances in Neural Information Processing Systems},
  pages={5040--5048},
  year={2016}
}

@inproceedings{jha2018disentangling,
  title={Disentangling factors of variation with cycle-consistent variational auto-encoders},
  author={Jha, Ananya Harsh and Anand, Saket and Singh, Maneesh and Veeravasarapu, VSR},
  booktitle={European Conference on Computer Vision},
  pages={829--845},
  year={2018},
  organization={Springer}
}

@article{kim2018disentangling,
  title={Disentangling by factorising},
  author={Kim, Hyunjik and Mnih, Andriy},
  journal={arXiv preprint arXiv:1802.05983},
  year={2018}
}

@article{zhao2017infovae,
  title={Infovae: Information maximizing variational autoencoders},
  author={Zhao, Shengjia and Song, Jiaming and Ermon, Stefano},
  journal={arXiv preprint arXiv:1706.02262},
  year={2017}
}

@inproceedings{chen2018isolating,
  title={Isolating sources of disentanglement in variational autoencoders},
  author={Chen, Tian Qi and Li, Xuechen and Grosse, Roger B and Duvenaud, David K},
  booktitle={Advances in Neural Information Processing Systems},
  pages={2610--2620},
  year={2018}
}

@article{bengio2013representation,
  title={Representation learning: A review and new perspectives},
  author={Bengio, Yoshua and Courville, Aaron and Vincent, Pascal},
  journal={IEEE transactions on pattern analysis and machine intelligence},
  volume={35},
  number={8},
  pages={1798--1828},
  year={2013},
  publisher={IEEE}
}

@inproceedings{yan2016attribute2image,
  title={Attribute2image: Conditional image generation from visual attributes},
  author={Yan, Xinchen and Yang, Jimei and Sohn, Kihyuk and Lee, Honglak},
  booktitle={European Conference on Computer Vision},
  pages={776--791},
  year={2016},
  organization={Springer}
}

@inproceedings{kingma2014semi,
  title={Semi-supervised learning with deep generative models},
  author={Kingma, Durk P and Mohamed, Shakir and Rezende, Danilo Jimenez and Welling, Max},
  booktitle={Advances in neural information processing systems},
  pages={3581--3589},
  year={2014}
}

@inproceedings{ma2018disentangled,
  title={Disentangled person image generation},
  author={Ma, Liqian and Sun, Qianru and Georgoulis, Stamatios and Van Gool, Luc and Schiele, Bernt and Fritz, Mario},
  booktitle={Proceedings of the IEEE Conference on Computer Vision and Pattern Recognition},
  pages={99--108},
  year={2018}
}

@inproceedings{zhu2017toward,
  title={Toward multimodal image-to-image translation},
  author={Zhu, Jun-Yan and Zhang, Richard and Pathak, Deepak and Darrell, Trevor and Efros, Alexei A and Wang, Oliver and Shechtman, Eli},
  booktitle={Advances in Neural Information Processing Systems},
  pages={465--476},
  year={2017}
}

@inproceedings{gonzalez2018image,
  title={Image-to-image translation for cross-domain disentanglement},
  author={Gonzalez-Garcia, Abel and van de Weijer, Joost and Bengio, Yoshua},
  booktitle={Advances in Neural Information Processing Systems},
  pages={1287--1298},
  year={2018}
}

@inproceedings{huang2018multimodal,
  title={Multimodal unsupervised image-to-image translation},
  author={Huang, Xun and Liu, Ming-Yu and Belongie, Serge and Kautz, Jan},
  booktitle={Proceedings of the European Conference on Computer Vision (ECCV)},
  pages={172--189},
  year={2018}
}

@inproceedings{lee2018diverse,
  title={Diverse image-to-image translation via disentangled representations},
  author={Lee, Hsin-Ying and Tseng, Hung-Yu and Huang, Jia-Bin and Singh, Maneesh and Yang, Ming-Hsuan},
  booktitle={Proceedings of the European Conference on Computer Vision (ECCV)},
  pages={35--51},
  year={2018}
}

@article{lee2019drit,
  title={DRIT++: Diverse Image-to-Image Translation via Disentangled Representations},
  author={Lee, Hsin-Ying and Tseng, Hung-Yu and Mao, Qi and Huang, Jia-Bin and Lu, Yu-Ding and Singh, Maneesh and Yang, Ming-Hsuan},
  journal={arXiv preprint arXiv:1905.01270},
  year={2019}
}


@inproceedings{ridgeway2018learning,
  title={Learning deep disentangled embeddings with the f-statistic loss},
  author={Ridgeway, Karl and Mozer, Michael C},
  booktitle={Advances in Neural Information Processing Systems},
  pages={185--194},
  year={2018}
}

@article{eitz2012hdhso,
author={Eitz, Mathias and Hays, James and Alexa, Marc},
title={How Do Humans Sketch Objects?},
journal={ACM Trans. Graph. (Proc. SIGGRAPH)},
year={2012},
volume={31},
number={4},
pages = {44:1--44:10}
}

@inproceedings{paszke2017automatic,
title={Automatic Differentiation in {PyTorch}},
author={Paszke, Adam and Gross, Sam and Chintala, Soumith and Chanan, Gregory and Yang, Edward and DeVito, Zachary and Lin, Zeming and Desmaison, Alban and Antiga, Luca and Lerer, Adam},
booktitle={NIPS Autodiff Workshop},
year={2017}
}

@article{kingma2014adam,
  title={Adam: A method for stochastic optimization},
  author={Kingma, Diederik P and Ba, Jimmy},
  journal={ICLR},
  year={2014}
}

@article{pix2pix2017,
  title={Image-to-Image Translation with Conditional Adversarial Networks},
  author={Isola, Phillip and Zhu, Jun-Yan and Zhou, Tinghui and Efros, Alexei A},
  journal={CVPR},
  year={2017}
}

@inproceedings{zhu2017unpaired,
  title={Unpaired image-to-image translation using cycle-consistent adversarial networks},
  author={Zhu, Jun-Yan and Park, Taesung and Isola, Phillip and Efros, Alexei A},
  booktitle={Proceedings of the IEEE international conference on computer vision},
  pages={2223--2232},
  year={2017}
}

@InProceedings{StarGAN2018,
author = {Choi, Yunjey and Choi, Minje and Kim, Munyoung and Ha, Jung-Woo and Kim, Sunghun and Choo, Jaegul},
title = {StarGAN: Unified Generative Adversarial Networks for Multi-Domain Image-to-Image Translation},
booktitle = {The IEEE Conference on Computer Vision and Pattern Recognition (CVPR)},
month = {June},
year = {2018}
}

@inproceedings{kim2017learning,
  title={Learning to discover cross-domain relations with generative adversarial networks},
  author={Kim, Taeksoo and Cha, Moonsu and Kim, Hyunsoo and Lee, Jung Kwon and Kim, Jiwon},
  booktitle={Proceedings of the 34th International Conference on Machine Learning-Volume 70},
  pages={1857--1865},
  year={2017},
  organization={JMLR. org}
}

@article{simonyan2014very,
  title={Very deep convolutional networks for large-scale image recognition},
  author={Simonyan, Karen and Zisserman, Andrew},
  journal={arXiv preprint arXiv:1409.1556},
  year={2014}
}

@book{miller1998wordnet,
  title={WordNet: An electronic lexical database},
  author={Miller, George A},
  year={1998},
  publisher={MIT press}
}

@inproceedings{mikolov2013distributed,
  title={Distributed representations of words and phrases and their compositionality},
  author={Mikolov, Tomas and Sutskever, Ilya and Chen, Kai and Corrado, Greg S and Dean, Jeff},
  booktitle={Advances in neural information processing systems},
  pages={3111--3119},
  year={2013}
}

@inproceedings{romera2015embarrassingly,
  title={An embarrassingly simple approach to zero-shot learning},
  author={Romera-Paredes, Bernardino and Torr, Philip},
  booktitle={International Conference on Machine Learning},
  pages={2152--2161},
  year={2015}
}

@inproceedings{kodirov2017semantic,
  title={Semantic autoencoder for zero-shot learning},
  author={Kodirov, Elyor and Xiang, Tao and Gong, Shaogang},
  booktitle={Proceedings of the IEEE Conference on Computer Vision and Pattern Recognition},
  pages={3174--3183},
  year={2017}
}

@inproceedings{socher2013zero,
  title={Zero-shot learning through cross-modal transfer},
  author={Socher, Richard and Ganjoo, Milind and Manning, Christopher D and Ng, Andrew},
  booktitle={Advances in neural information processing systems},
  pages={935--943},
  year={2013}
}

@article{zhang2015bit,
  title={Bit-scalable deep hashing with regularized similarity learning for image retrieval and person re-identification},
  author={Zhang, Ruimao and Lin, Liang and Zhang, Rui and Zuo, Wangmeng and Zhang, Lei},
  journal={IEEE Transactions on Image Processing},
  volume={24},
  number={12},
  pages={4766--4779},
  year={2015},
  publisher={IEEE}
}

@inproceedings{frome2013devise,
  title={Devise: A deep visual-semantic embedding model},
  author={Frome, Andrea and Corrado, Greg S and Shlens, Jon and Bengio, Samy and Dean, Jeff and Ranzato, Marc'Aurelio and Mikolov, Tomas},
  booktitle={Advances in neural information processing systems},
  pages={2121--2129},
  year={2013}
}
