@inproceedings{yelamarthi2018zero,
  title={A zero-shot framework for sketch based image retrieval},
  author={Yelamarthi, Sasi Kiran and Reddy, Shiva Krishna and Mishra, Ashish and Mittal, Anurag},
  booktitle={European Conference on Computer Vision},
  pages={316--333},
  year={2018},
  organization={Springer}
}

@inproceedings{deng2009imagenet,
  title={Imagenet: A large-scale hierarchical image database},
  author={Deng, Jia and Dong, Wei and Socher, Richard and Li, Li-Jia and Li, Kai and Fei-Fei, Li},
  booktitle={2009 IEEE conference on computer vision and pattern recognition},
  pages={248--255},
  year={2009},
  organization={IEEE}
}

@article{yu2017sketch,
  title={Sketch-a-net: A deep neural network that beats humans},
  author={Yu, Qian and Yang, Yongxin and Liu, Feng and Song, Yi-Zhe and Xiang, Tao and Hospedales, Timothy M},
  journal={International journal of computer vision},
  volume={122},
  number={3},
  pages={411--425},
  year={2017},
  publisher={Springer}
}

@inproceedings{zeiler2014visualizing,
  title={Visualizing and understanding convolutional networks},
  author={Zeiler, Matthew D and Fergus, Rob},
  booktitle={European conference on computer vision},
  pages={818--833},
  year={2014},
  organization={Springer}
}